 @misc{cal,
	title = {Math Calculus Review CHSN Review Project},
    howpublished = {\url{https://www.ocf.berkeley.edu/~daradib/chsntech/review/math/review-calc.pdf}},
    author={Dara Adib},
    year = {2017}
}

 @misc{pro,
	title = {Review of Probability Theory},
    howpublished = {\url{cs229.stanford.edu/section/cs229-prob.pdf}},
    author={Arian Maleki and Tom Do},
    year = {2017}
}

 @misc{baye,
	title = {Bayes' Formula},
    howpublished = {\url{http://www.math.cornell.edu/~mec/2008-2009/TianyiZheng/Bayes.html}},
    author={Tianyi Zheng},
    year = {2009}
}

@misc{pois,
	title = {Lecture 15},
    howpublished = {\url{http://www.stat.ufl.edu/~abhisheksaha/sta4321/lect15.pdf}},
    author={Kshitij Khare},
    year = {2015}
}

@misc{marg,
	title = {chap3},
    howpublished = {\url{http://www.ee.ryerson.ca/~courses/ee8103/chap3.pdf}},
    author={Yifeng He},
    year = {2011}
}
